% This file was created with JabRef 2.9.2.
% Encoding: UTF-8


%%% Site da informação do encoder
% https://www.acristoffers.me/public/CEFET/1%C2%BA%20Periodo/Contexto%%20Social/Trabalhos%20-%20Contexto%20Social/2012/Grupo%209%20-%20Encoder20Magnetico/Encoder%20Magnetico.pdf


%% Step Up
@MISC{stepup,
  author = {XLSEMI},
  title = {400KHz 60V 4A Switching Current Boost / Buck-Boost / Inverting DC/DC Converter},
  year = {2016},
  url = {https://www.pollin.de/shop/downloads/D351434D.PDF},
  urlaccessdate = {01 set. 2016},
}


%% Ponte H
@MISC{ponte,
  author = {Toshiba},
  title = {Driver IC for Dual DC motor},
  year = {2016},
  url = {https://www.pololu.com/file/0J86/TB6612FNG.pdf},
  urlaccessdate = {01 set. 2016},
}


%% Sensor refletancia
@MISC{reflet,
  author = {Fairchild Semiconductor},
  title = {Minature Reflective Object Sensor},
  year = {2016},
  url = {http://cdn.sparkfun.com/datasheets/Sensors/Proximity/QRE1113.pdf},
  urlaccessdate = {01 set. 2016},
}

%% encoder polulu
@MISC{pololu_encoder,
  author = {Pololu},
  title = {Pololu magnetic encoder datasheet},
  year = {2016},
  url = {https://www.pololu.com/product/3081},
  urlaccessdate = {01 set. 2016},
}


%% motor polulu
@MISC{pololu_motor,
  author = {Pololu},
  title = {Pololu micromotor datasheet},
  year = {2016},
  url = {https://www.pololu.com/product/3048},
  urlaccessdate = {01 set. 2016},
}

%% datasheet stm
@MISC{stm303,
  author = {STMicroelectronics},
  title = {STM32F303x6/x8 datasheet},
  year = {2016},
  url = {http://www.mouser.com/ds/2/389/DM00092070-524505.pdf},
  urlaccessdate = {01 set. 2016},
}

%% VEX Guiness
@MISC{vex_guiness,
  author = {Guinness World Records},
  title = {Robotics tournament VEX Worlds is named largest in the world after 1,075 teams take part},
  year = {2016},
  url = {http://www.guinnessworldrecords.com/news/2016/4/robotics-tournament-vex-worlds-is-named-largest-in-the-world-after-1-075-teams-ta-426576},
  urlaccessdate = {29 ago. 2016},
}

%% VEX
@MISC{vex,
  author = {VEX Worlds},
  year = {2016},
  url = {http://www.roboticseducation.org/competition-teams/vex-robotics-competition/},
  urlaccessdate = {29 ago. 2016},
}

%% Robogames
@MISC{robogames,
  author = {Robogames},
  year = {2016},
  url = {http://robogames.net/index.php},
  urlaccessdate = {29 ago. 2016},
}


%% Regras RoboCore
@MISC{RegrasRobocore,
  author = {Robocore},
  title = {Regras Seguidor de Linha},
  year = {2016},
  url = {https://www.robocore.net/upload/attachments/robocore__regras_seguidor_de_linha_108.pdf},
  urlaccessdate = {28 ago. 2016},
}

%% Classificação - WinterChallenge 2016
@MISC{winter,
  author = {Robocore},
  title={Classificação WinterChallenge},
  year = {2016},
  url={https://www.robocore.net/modules.php?name=GR_Eventos&evento=24&tab=2},
  urlaccessdate={23 ago. 2016},
}


%% Mauá - Notícia
@MISC{maua,
  author={Instituto MAUÁ},
  title = {Instituto Mauá de Tecnologia sedia o evento de Robótica Winter Challenge 2016},
  year = {2016},
  url={http://maua.br/imprensa/press-releases/instituto-maua-tecnologia-sedia-evento-robotica-winter-challenge-2016},
  urlaccessdate={23 ago. 2016},
}

%% Site do RoboTrace
@MISC{robotrace,
  author = {RoboTrace},
  year = {2014},
  url={http://www.ntf.or.jp/mouse/micromouse2014/kitei_
trace_since2014-EN.html},
  urlaccessdate={22 ago. 2016},
}


%% Site do RoboCup
@MISC{robocup,
  author = {RoboCup},
  year = {2016},
  url={http://www.robocup.org/about-robocup/objective},
  urlaccessdate={22 ago. 2016},
}


%% Site do Robocore
@MISC{robocore,
  author = {Robocore},
  year = {2016},
  url={https://www.robocore.net/eventos},
  urlaccessdate={22 ago. 2016},
}


%% TCC do Equador
@MISC{equador,
  author = {Jadán, Herman I. V.; Vera, Caril R. M.},
  title = {Diseño e implementación de un Robot Velocista de competencia
sobre plataforma FPGA},
  school = {Escuela Superior Politécnica del Litoral},
  year = {2015},
  NOTE = {Trabalho de Conclusão de Curso, Escuela Superior Politécnica del Litoral}
}

% TCC do Alemao
@MISC{alemao,
  author = {Márcio Luiz Petry},
  title = {Controle Híbrido de um robô autônomo seguidor de linha},
  school = {Universidade Tecnológica Federal do Paraná},
  year = {2016},
  NOTE = {Trabalho de Conclusão de Curso. Universidade Tecnológica Federal do Paraná}
}

% TCC do Guadagnin
@MISC{allan,
  author = {Alan Junior Guadagnin},
  title = {Controle Híbrido de um Robô Seguidor de Linha},
  school = {Universidade Tecnológica Federal do Paraná},
  year = {2014},
  NOTE = {Trabalho de Conclusão de Curso. Universidade Tecnológica Federal do Paraná}
}

% Livro: Cassandras
@book{cassandras,
  author={ C. G. Cassandras and S. Lafortune},
  title={Introduction to Discrete Event Systems},
  publisher={Springer US},
  address={New York},
  year={2008},
  edition={2},  
}

@book{secchi2012,  
author={Secchi, Humberto A.},
title={Uma introdução aos robôs móveis},
publisher={NERA-IFES},
address={Serra},
month={Abril},  
year={2012},  
note = {traduzido do original \textit{Una Introducción a los Robots Móviles}},
}


@book{murphy2000,
  title={Introduction to AI Robotics},
  author={Murphy, R.},
  address={Cambridge},
  series={A Bradford book},
  year={2000},
  publisher={MIT Press}
}


@book{polonskii1996,
  title={Introdu{\c{c}}{\~a}o {\`a} rob{\'o}tica e mecatr{\^o}nica},
  author={Polonskii, M.M.},
  year={1996},
  address={Caxias do Sul},
  publisher={EDUCS},
  edition={2},
}

% mostrar site
%@misc{RIA_def,
  %author = {ANSI/RIA.R15.06-1999},
 % title = {Robot Terms and Definitions},
%  howpublished = "\url{http://www.robotics.org/product-catalog-%detail.cfm/productid/2953}",
 % year = {2010}, 
  %note = {[Online; accessed 19-July-2008]},
%note = {[Conteúdo online; acessado em 15 de agosto de 2016, às 08h45.]}
%}

%% RIA/ANSI
@MISC{RIA_def,
  author = {ANSI/RIA.R15.06-1999},
  title = {Robot Terms and Definitions},
  year = {2010},
  url={http://www.robotics.org/product-catalog-detail.cfm/productid/2953},
  urlaccessdate={15 ago. 2016},
}



@book{pazos2002,
  title={Automação de sistemas e robótica},
  year={2002},
  author={Pazos, Fernando},
  isbn={9788573231717},
  %url={https://books.google.com.br/books?id=aPa0AAAACAAJ},
  year={2002},
  number = {1},
  edition = {1},
  pages={375},
  publisher={Axel Books}
}


@book{Intro_auto,
author = {Roland Siegwart, Illah R. Nourbakhsh, Davide Scaramuzza},
title = {Introduction to autonomous mobile robots},
publisher = {The MIT Press},
%volume = '';
number = {1},
%series = '';
%address = '';
%edition = '';
year = {2011},
%month = '';
%note = '';
}

%%%%%%%%%%%%%%%%%%%%%%%%%%%%%%%%%%%%%%%%%%%%%%%%%%%%%%%%%%%%%%%%%%%%%%%%%%%%%%%%%%%%%%%%%%%%%%%%%%%%%%%%%%%%%%%%%%%%%%%%%%%%
% Acima estão as obras a serem utilizadas no TCC

@article{Derek:08,
 author    = {Derek G. Corneil and Richard M. Krueger},
 title     = {A Unified View of Graph Searching},
 publisher = {SIAM},
 year      = {2008},
 journal   = {SIAM Journal on Discrete Mathematics},
 volume    = {22},
 number    = {4},
 pages     = {1259-1276},
 keywords  = {graph searching; graph traversal; depth-first search; breadth-first search; LexBFS},
 doi       = {10.1137/050623498},
}

@INPROCEEDINGS{altug02,
  author = {Altug, E. and Ostrowski, J.P. and Mahony, R.},
  title = {Control of a quadrotor helicopter using visual feedback},
  booktitle = {Robotics and Automation, 2002. Proceedings. ICRA '02. IEEE International
	Conference on},
  year = {2002},
  volume = {1},
  pages = {72-77 vol.1},
  doi = {10.1109/ROBOT.2002.1013341},
  keywords = {aerospace robotics;aircraft control;helicopters;linearisation techniques;mobile
	robots;optical feedback;robot vision;UAV;backstepping-like control
	law;feedback linearization;four-rotor helicopter;ground camera;mode-based
	feedback linearizing controller series;pose estimation;quadrotor
	helicopter control;visual feedback;Aircraft;Equations;Helicopters;Inspection;Linear
	feedback control systems;Motion control;Remotely operated vehicles;Surveillance;Unmanned
	aerial vehicles;Vehicle dynamics}
}

@INPROCEEDINGS{augIROS12,
  author = {Augugliaro, F. and Schoellig, A. and D'Andrea, R.},
  title = {Generation of collision-free trajectories for a quadrocopter fleet:
	A sequential convex programming approach},
  booktitle = {Proc. of the IEEE/RSJ Int. Conf. on Intelligent Robots and Systems
	(IROS)},
  year = {2012},
  pages = {1917-1922},
  timestamp = {2009.07.02}
}

@UNPUBLISHED{borestein93,
  author = {Johann Borenstein},
  title = {The HoverBot -- An Electrically Powered Flying Robot},
  year = {1993},
  owner = {fernando},
  timestamp = {2013.03.12}
}

@PHDTHESIS{bouabdallah07,
  author = {Samir Bouabdallah},
  title = {Design and control of quadrotors with application to autonomous flying},
  school = {École Polytechnique Fédérale de Lausanne},
  year = {2007},
  type = {Doutorado},
  address = {Lausanne, Switzerland},
  owner = {fernando},
  timestamp = {2013.03.13}
}

@INPROCEEDINGS{dryanovski11,
  author = {Dryanovski, I. and Morris, W. and Jizhong Xiao},
  title = {An open-source pose estimation system for micro-air vehicles},
  booktitle = {Robotics and Automation (ICRA), 2011 IEEE International Conference
	on},
  year = {2011},
  pages = {4449-4454},
  doi = {10.1109/ICRA.2011.5980315},
  issn = {1050-4729},
  keywords = {Global Positioning System;SLAM (robots);aircraft control;laser ranging;mobile
	robots;pose estimation;remotely operated vehicles;sensors;2D SLAM;3D
	mapping experiments;GPS-denied indoor environments;IMU sensor;microair
	vehicles;open-source 6-DoF pose estimation system;open-source robotics;planar
	laser range-finder;Estimation;Lasers;Open source software;Robots;Sensors;Three
	dimensional displays;Vehicles}
}

@INPROCEEDINGS{ducIEEE09,
  author = {Guillaume Ducard and Raffaello D’Andrea},
  title = {Autonomous quadrotor flight using a vision system and accommodating
	frames misalignment},
  booktitle = {Industrial Embedded Systems, 2009. SIES '09. IEEE International Symposium
	on},
  year = {2009},
  pages = {261--264},
  organization = {IEEE}
}

@INPROCEEDINGS{earCDC04,
  author = {Earl, M.G. and D'Andrea, R.},
  title = {Real-time attitude estimation techniques applied to a four rotor
	helicopter},
  booktitle = {Decision and Control (CDC), 2004 IEEE International Conference on},
  year = {2004},
  volume = {4},
  pages = {3956--3961},
  organization = {IEEE}
}

@UNPUBLISHED{oficinas2,
  author = {Gerson L. S. Filho and Gustavo T. Rudiguer and Jonathan P. M. do
	Nascimento},
  title = {Quadricoptero},
  year = {2011},
  owner = {fernando},
  timestamp = {2013.03.19},
  url = {http://pessoal.utfpr.edu.br/msergio/Monog-11-2-Quadricoptero.pdf},
  urlaccessdate = {19 de março de 2013}
}

@INPROCEEDINGS{hehIROS12,
  author = {Hehn, M. and D'Andrea, R.},
  title = {Real-time trajectory generation for interception maneuvers with quadrocopters},
  booktitle = {IEEE/RSJ International Conference on Intelligent Robots and Systems
	},
  year = {2012},
  pages = {4979--4984},
  organization = {IEEE}
}

@INPROCEEDINGS{hehICRA11,
  author = {Hehn, M. and D'Andrea, R.},
  title = {A flying inverted pendulum},
  booktitle = {Robotics and Automation (ICRA), 2011 IEEE International Conference
	on},
  year = {2011},
  pages = {763--770},
  organization = {IEEE}
}

@INPROCEEDINGS{hehIFAC11,
  author = {Hehn, M. and D’Andrea, R.},
  title = {Quadrocopter trajectory generation and control},
  booktitle = {Proceedings of the IFAC world congress},
  year = {2011},
  pages = {1485--1491}
}

@ARTICLE{hehAR12,
  author = {Hehn, Markus and Ritz, Robin and D'Andrea, Raffaello},
  title = {Performance benchmarking of quadrotor systems using time-optimal
	control},
  journal = {Autonomous Robots},
  year = {2012},
  volume = {33},
  pages = {69-88},
  note = {10.1007/s10514-012-9282-3},
  affiliation = {Institute for Dynamic Systems and Control, ETH Zurich, Zurich, Switzerland},
  issn = {0929-5593},
  issue = {1},
  keyword = {Computer Science},
  publisher = {Springer Netherlands},
  url = {http://dx.doi.org/10.1007/s10514-012-9282-3}
}

@INPROCEEDINGS{starmac04,
  author = {Gabe Hoffmann and Dev Gorur Rajnarayan and Steven L. Waslander and
	David Dostal and Jung Soon Jang
	
	 and Claire J. Tomlin},
  title = {The Stanford Testbed of Autonomous Rotorcraft for Multi-Agent Control
	(STARMAC)},
  booktitle = {23rd Digital Avionics System Conference},
  year = {2004},
  owner = {fernando},
  timestamp = {2013.03.13}
}

@INPROCEEDINGS{starmac07,
  author = {Gabriel M. Hoffmann and Haomiao Huang and Steven L. Waslander and
	Claire J. Tomlin},
  title = {Quadrotor Helicopter Flight Dynamics and Control: Theory and Experiment},
  booktitle = {AIAA Guidance, Navigation and Control Conference and Exhibit},
  year = {2007},
  owner = {fernando},
  timestamp = {2013.03.13}
}

@TECHREPORT{kroo01,
  author = {Ilan Kroo and Fritz Prinz},
  title = {The Mesicopter: A Miniature Rotorcraft Concept},
  institution = {Stanford University},
  year = {2001},
  type = {Phase II Final Report},
  owner = {fernando},
  timestamp = {2013.03.12}
}

@MISC{lambermont58,
  author = {P. Lambermont},
  title = {Convertawings Model A},
  year = {2013},
  owner = {fernando},
  timestamp = {2013.03.12},
  url = {http://www.aviastar.org/helicopters_eng/convertawings.php},
  urlaccessdate = {12 de março de 2013}
}

@MISC{leishman00,
  author = {J. Gordon Leishman},
  title = {A History of Helicopter Flight},
  year = {2000},
  owner = {fernando},
  timestamp = {2013.03.12},
  url = {http://terpconnect.umd.edu/~leishman/Aero/history.html},
  urlaccessdate = {12 de março de 2013}
}

@INPROCEEDINGS{lopes2011,
  author = {Renato V. Lopes and Pedro H. de R. Quemel and Assis Santana and Geovany
	A. Borges and João Y. Ishihara},
  title = {Model Predictive Control applied to tracking and attitude stabilization
	of a {VTOL} quadrotor aircraft},
  booktitle = {21st International Congress of Mechanical Engineering},
  year = {2011},
  pages = {24-28},
  address = {Natal, RN, Brazil},
  month = {October},
  owner = {fernando},
  timestamp = {2013.03.13}
}

@ARTICLE{Lupashin2012,
  author = {Lupashin, Sergei and D'Andrea, Raffaello},
  title = {Adaptive fast open-loop maneuvers for quadrocopters},
  journal = {Autonomous Robots},
  year = {2012},
  volume = {33},
  pages = {89-102},
  affiliation = {Institute for Dynamic Systems and Control, ETH Zurich, Sonneggstr.
	3, ML K 36.2, 8092 Zurich, Switzerland},
  issn = {0929-5593},
  issue = {1},
  keyword = {Computer Science},
  publisher = {Springer Netherlands},
  url = {http://dx.doi.org/10.1007/s10514-012-9289-9}
}

@INPROCEEDINGS{Lupashin2010,
  author = {Lupashin, S. and Schoellig, A. and Sherback, M. and D'Andrea, R.},
  title = {A simple learning strategy for high-speed quadrocopter multi-flips},
  booktitle = {Robotics and Automation (ICRA), 2010 IEEE International Conference
	on},
  year = {2010},
  pages = {1642--1648},
  organization = {IEEE}
}

@INPROCEEDINGS{lupICRA10,
  author = {Lupashin, S. and Schollig, A. and Hehn, M. and D'Andrea, R.},
  title = {The Flying Machine Arena as of 2010},
  booktitle = {Robotics and Automation (ICRA), 2011 IEEE International Conference
	on},
  year = {2011},
  pages = {2970--2971},
  doi = {10.1109/ICRA.2011.5980308},
  issn = {1050-4729},
  keywords = {FMA hardware;FMA infrastructure;Flying Machine Arena;aerial robotics;autonomous
	systems;indoor research space;motion capture system;quadrocopters;software
	tools;vehicle localization;helicopters;mobile robots;motion estimation;multi-robot
	systems;software tools;}
}

@MASTERSTHESIS{melo2010,
  author = {Alexandre Secchin de Melo},
  title = {Implementação de um Quadrotor como Plataforma de Desenvolvimento
	para Algoritmos de Controle},
  school = {Universidade Federal do Espírito Santo},
  year = {2010},
  type = {Mestrado}
}

@INPROCEEDINGS{michael2010,
  author = {Nathan Michael and Daniel Mellinger and Quentin Lindsey and Vijay
	Kumar},
  title = {The {GRASP} Multiple Micro-{UAV} Testbed},
  booktitle = {IEEE Robotics \& Automation Magazine},
  year = {2010}
}

@INPROCEEDINGS{Muller2012,
  author = {Muller, F. L. and Schoellig, A. and D'Andrea, R.},
  title = {Iterative Learning of Feed-Forward Corrections for High-Performance
	Tracking},
  booktitle = {Proc. of the IEEE/RSJ Int. Conf. on Intelligent Robots and Systems
	(IROS)},
  year = {2012},
  pages = {3276-3281},
  owner = {Angela},
  timestamp = {2009.07.02}
}

@INPROCEEDINGS{mulIROS12,
  author = {Muller, M. and D'Andrea, R.},
  title = {Critical subsystem failure mitigation in an indoor UAV testbed},
  booktitle = {IEEE/RSJ International Conference on Intelligent Robots and Systems},
  year = {2012},
  pages = {780--785},
  organization = {IEEE}
}

@INPROCEEDINGS{mulIROS11,
  author = {Muller, M. and Lupashin, S. and D'Andrea, R.},
  title = {Quadrocopter ball juggling},
  booktitle = {Intelligent Robots and Systems (IROS), 2011 IEEE/RSJ International
	Conference on},
  year = {2011},
  pages = {5113--5120},
  organization = {IEEE}
}

@PHDTHESIS{niceCU04,
  author = {Nice, E.B.},
  title = {Design of a four rotor hovering vehicle},
  school = {Cornell University},
  year = {2004},
  type = {Mestrado}
}

@INPROCEEDINGS{pounds06,
  author = {Paul Pounds and Robert Mahony and Peter Corke},
  title = {Modelling and Control of a Quad-Rotor Robot},
  booktitle = {Australasian Conference on Robotics \& Automation},
  year = {2006},
  address = {Auckland, New Zealand},
  organization = {Australian National University},
  owner = {fernando},
  timestamp = {2013.03.13}
}

@INPROCEEDINGS{pounds02,
  author = {P. Pounds and R. Mahony and P. Hynes and J. Roberts},
  title = {Design of a Four-Rotor Aerial Robot},
  booktitle = {Australasian Conference on Robotics and Automation},
  year = {2002},
  address = {Auckland, New Zealand},
  organization = {Australian National University},
  owner = {fernando},
  timestamp = {2013.03.13}
}

@INPROCEEDINGS{purICRA09,
  author = {Purwin, O. and D'Andrea, R.},
  title = {Performing aggressive maneuvers using iterative learning control},
  booktitle = {Robotics and Automation, 2009. ICRA'09. IEEE International Conference
	on},
  year = {2009},
  pages = {1731--1736},
  organization = {IEEE}
}

@INPROCEEDINGS{ritIROS11,
  author = {Ritz, R. and Hehn, M. and Lupashin, S. and D'Andrea, R.},
  title = {Quadrocopter performance benchmarking using optimal control},
  booktitle = {Intelligent Robots and Systems (IROS), 2011 IEEE/RSJ International
	Conference on},
  year = {2011},
  pages = {5179--5186},
  organization = {IEEE}
}

@INPROCEEDINGS{ritIROS12,
  author = {Ritz, R. and Mueller, M. and D'Andrea, R.},
  title = {Cooperative Quadrocopter Ball Throwing and Catching},
  booktitle = {IEEE/RSJ International Conference on Intelligent Robots and Systems},
  year = {2012},
  pages = {4972--4978},
  organization = {IEEE}
}

@INPROCEEDINGS{schIROS10,
  author = {Schoellig, A. and Augugliaro, F. and D'Andrea, R.},
  title = {A platform for dance performances with multiple quadrocopters},
  booktitle = {Proceedings of the IEEE/RSJ International Conference on Intelligent
	Robots and Systems (IROS)-Workshop on Robots and Musical Expressions},
  year = {2010},
  pages = {1--8}
}

@INPROCEEDINGS{Schoellig_ICRA2010,
  author = {Angela Schoellig and Federico Augugliaro and Sergei Lupashin and
	Raffaello D’Andrea},
  title = {Synchronizing the Motion of a Quadrocopter to Music},
  booktitle = {Robotics and Automation (ICRA), 2010 IEEE International Conference
	on},
  year = {2010},
  owner = {fernando},
  timestamp = {2013.03.01}
}

@INPROCEEDINGS{schACC11,
  author = {Schoellig, A. and Hehn, M. and Lupashin, S. and D'Andrea, R.},
  title = {Feasibility of motion primitives for choreographed quadrocopter flight},
  booktitle = {American Control Conference (ACC), 2011},
  year = {2011},
  pages = {3843--3849},
  issn = {0743-1619},
  keywords = {ETH Flying Machine Arena;choreographed quadrocopter flight;first principles
	model;motor thrust limit;parameter constraint;parameterized motion
	primitives;preprogrammed quadrocopter performance;quadrocopter motion;trajectory;truncated
	Fourier series;vehicle dynamics;Fourier series;aircraft control;helicopters;motion
	control;position control;vehicle dynamics;}
}

@ARTICLE{schAR12,
  author = {Schoellig, Angela and Mueller, Fabian and D'Andrea, Raffaello},
  title = {Optimization-based iterative learning for precise quadrocopter trajectory
	tracking},
  journal = {Autonomous Robots},
  year = {2012},
  volume = {33},
  pages = {103-127},
  affiliation = {Institute for Dynamic Systems and Control (IDSC), ETH Zurich, Zurich,
	Switzerland},
  issn = {0929-5593},
  issue = {1},
  keyword = {Computer Science},
  publisher = {Springer Netherlands}
}

@INPROCEEDINGS{schACC12,
  author = {Schoellig, A. and Wiltsche, C. and D'Andrea, R.},
  title = {Feed-forward parameter identification for precise periodic quadrocopter
	motions},
  booktitle = {American Control Conference (ACC), 2012},
  year = {2012},
  pages = {4313 -4318},
  month = {june},
  issn = {0743-1619}
}

@INPROCEEDINGS{shen12,
  author = {Shaojie Shen and Michael, Nathan and Kumar, V.},
  title = {Autonomous indoor 3D exploration with a micro-aerial vehicle},
  booktitle = {Robotics and Automation (ICRA), 2012 IEEE International Conference
	on},
  year = {2012},
  pages = {9-15},
  doi = {10.1109/ICRA.2012.6225146},
  issn = {1050-4729},
  keywords = {autonomous aerial vehicles;differential equations;microrobots;Newtonian
	dynamics;autonomous indoor 3D exploration;microaerial vehicle;payload
	constrained microaerial vehicle;stochastic differential equation-based
	exploration algorithm;three-dimensional indoor environments;Mathematical
	model;Navigation;Payloads;Robot sensing systems;Vehicles}
}

@INPROCEEDINGS{stowers11,
  author = {Stowers, J. and Hayes, M. and Bainbridge-Smith, A.},
  title = {Altitude control of a quadrotor helicopter using depth map from Microsoft
	Kinect sensors},
  booktitle = {Mechatronics (ICM), 2011 IEEE International Conference on},
  year = {2011},
  pages = {358-362},
  doi = {10.1109/ICMECH.2011.5971311},
  keywords = {aerospace control;helicopters;image sensors;mobile robots;peripheral
	interfaces;robot vision;Microsoft Kinect sensor;altitude control;autonomous
	robotic control systems;commodity game controller peripheral;depth
	map;image sensors;quadrotor helicopter;real-time robotics control
	application;reliable depth estimation;Cameras;Image resolution;Indexes;Microsoft
	Kinect;depth map;quadrotor;visual flight control}
}

@INPROCEEDINGS{tonWC11,
  author = {Tonetti, S. and Hehn, M. and Lupashin, S. and D'Andrea, R.},
  title = {Distributed Control of Antenna Array with Formation of UAVs},
  booktitle = {World Congress},
  year = {2011},
  volume = {18},
  number = {1},
  pages = {7848--7853}
}

